<?xml version="1.0" encoding="utf-8"?>
<record xmlns="http://www.loc.gov/MARC21/slim" xmlns:xsi="http://www.w3.org/2001/XMLSchema-instance" xsi:schemaLocation="http://www.loc.gov/MARC21/slim http://www.loc.gov/standards/marcxml/schema/MARC21slim.xsd">
	<leader>     nam a22     Mi 4500</leader>
	<controlfield tag="001">3121501</controlfield>
	<controlfield tag="003">NNC</controlfield>
	<controlfield tag="006">m        d        </controlfield>
	<controlfield tag="007">cr cn |||m|||a</controlfield>
	<controlfield tag="008">181206m19071909ua      o     000 0 araod</controlfield>
	<datafield ind1=" " ind2=" " tag="040">
		<subfield code="a">ZYU</subfield>
		<subfield code="b">ara</subfield>
		<subfield code="e">rda</subfield>
		<subfield code="c">ZYU</subfield>
	</datafield>
	<datafield ind1=" " ind2="4" tag="050">
		<subfield code="a">BP195.W2</subfield>
		<subfield code="b">A43 1907</subfield>
	</datafield>
	<datafield ind1="1" ind2=" " tag="100">
		<subfield code="6">880-01</subfield>
		<subfield code="a">Ālūsī, Maḥmūd Shukrī,</subfield>
		<subfield code="d">1857-1924.</subfield>
	</datafield>
	<datafield ind1="1" ind2="0" tag="240">
		<subfield code="6">880-02</subfield>
		<subfield code="a">ghāyat al-Amānī fī al-radd ʻalá al-Nabhānī </subfield>
	</datafield>
	<datafield ind1="1" ind2="0" tag="245">
		<subfield code="6">880-03</subfield>
		<subfield code="a">Kitāb ghāyat al-Amānī fī al-radd ʻalá al-Nabhānī /</subfield>
		<subfield code="c">li-Abī al-Maʻālī al-Shāfiʻī al-Sallāmī.</subfield>
	</datafield>
	<datafield ind1="3" ind2=" " tag="246">
		<subfield code="6">880-04</subfield>
		<subfield code="a">Ghāyat al-amānī fī al-radd ʻalá al-Nabhānī</subfield>
	</datafield>
	<datafield ind1=" " ind2=" " tag="260">
		<subfield code="6">880-05</subfield>
		<subfield code="a">[Cairo?] :</subfield>
		<subfield code="b">ʻAbd al-Qādir al-Tilimsānī,</subfield>
		<subfield code="c">1325-1327 [1907-1909]</subfield>
	</datafield>
	<datafield ind1=" " ind2=" " tag="300">
		<subfield code="a">online resource (2 volumes in 1.)</subfield>
	</datafield>
	<datafield ind1=" " ind2=" " tag="336">
		<subfield code="a">text</subfield>
		<subfield code="2">rdacontent</subfield>
	</datafield>
	<datafield ind1=" " ind2=" " tag="337">
		<subfield code="a">computer</subfield>
		<subfield code="2">rdamedia</subfield>
	</datafield>
	<datafield ind1=" " ind2=" " tag="338">
		<subfield code="a">online resource</subfield>
		<subfield code="2">rdacarrier</subfield>
	</datafield>
	<datafield ind1=" " ind2=" " tag="500">
		<subfield code="a">Part of the Arabic Collections Online (ACO) project, contributed by Columbia University Libraries.</subfield>
	</datafield>
	<datafield ind1=" " ind2=" " tag="533">
		<subfield code="a">Electronic reproduction.</subfield>
		<subfield code="b">New York, N.Y. :</subfield>
		<subfield code="c">New York University,</subfield>
		<subfield code="d">2018.</subfield>
		<subfield code="5">NNU</subfield>
	</datafield>
	<datafield ind1="0" ind2=" " tag="583">
		<subfield code="a">condition reviewed</subfield>
		<subfield code="c">20120201</subfield>
		<subfield code="l">brittle</subfield>
		<subfield code="2">pda</subfield>
		<subfield code="5">MaCbHCL</subfield>
	</datafield>
	<datafield ind1="1" ind2="0" tag="600">
		<subfield code="6">880-06</subfield>
		<subfield code="a">Nabhānī, Yūsuf ibn Ismāʻīl,</subfield>
		<subfield code="d">1849 or 1850-1932.</subfield>
		<subfield code="t">Shawāhid al-ḥaqq fī al-istighāthah bi-Sayyid al-Khalq.</subfield>
	</datafield>
	<datafield ind1="0" ind2="7" tag="630">
		<subfield code="a">Shawāhid al-ḥaqq fī al-istighāthah bi-Sayyid al-Khalq (Nabhānī, Yūsuf ibn Ismāʻīl)</subfield>
		<subfield code="2">fast</subfield>
		<subfield code="0">(OCoLC)fst01369684</subfield>
	</datafield>
	<datafield ind1=" " ind2="0" tag="650">
		<subfield code="a">Wahhābīyah</subfield>
		<subfield code="v">Apologetic works.</subfield>
	</datafield>
	<datafield ind1=" " ind2="7" tag="650">
		<subfield code="a">Wahhābīyah.</subfield>
		<subfield code="2">fast</subfield>
		<subfield code="0">(OCoLC)fst01169912</subfield>
	</datafield>
	<datafield ind1=" " ind2="7" tag="655">
		<subfield code="a">Apologetic writings.</subfield>
		<subfield code="2">fast</subfield>
		<subfield code="0">(OCoLC)fst01423698</subfield>
	</datafield>
	<datafield ind1="1" ind2=" " tag="700">
		<subfield code="6">880-07</subfield>
		<subfield code="a">Nabhānī, Yūsuf ibn Ismāʻīl,</subfield>
		<subfield code="d">1849 or 1850-1932.</subfield>
		<subfield code="t">Shawāhid al-ḥaqq fī al-istighāthah bi-Sayyid al-Khalq.</subfield>
	</datafield>
	<datafield ind1="2" ind2=" " tag="710">
		<subfield code="a">Columbia University.</subfield>
		<subfield code="b">Libraries.</subfield>
	</datafield>
	<datafield ind1="0" ind2=" " tag="730">
		<subfield code="a">Arabic Collections Online.</subfield>
	</datafield>
	<datafield ind1="0" ind2="8" tag="776">
		<subfield code="i">Print version:</subfield>
		<subfield code="a">Ālūsī, Maḥmūd Shukrī, 1857-1924.</subfield>
		<subfield code="t">Kitāb ghāyat al-Amānī fī al-radd ʻalá al-Nabhānī</subfield>
		<subfield code="w">(NNC)3121501</subfield>
		<subfield code="w">(OCoLC)23231358</subfield>
	</datafield>
	<datafield ind1="4" ind2="0" tag="856">
		<subfield code="u">http://hdl.handle.net/2333.1/9zw3r8b6</subfield>
	</datafield>
	<datafield ind1="1" ind2=" " tag="880">
		<subfield code="6">100-01</subfield>
		<subfield code="a">آلوسي، محمود شكري.</subfield>
	</datafield>
	<datafield ind1="1" ind2="0" tag="880">
		<subfield code="6">240-02</subfield>
		<subfield code="a">غاية الاماني في الرد على النبهاني</subfield>
	</datafield>
	<datafield ind1="1" ind2="0" tag="880">
		<subfield code="6">245-03</subfield>
		<subfield code="a">كتاب غاية الاماني في الرد على النبهاني /</subfield>
		<subfield code="c">لابي المعالي الشافعي السلامي.</subfield>
	</datafield>
	<datafield ind1="3" ind2=" " tag="880">
		<subfield code="6">246-04</subfield>
		<subfield code="a">غاية الاماني في الرد على النبهاني</subfield>
	</datafield>
	<datafield ind1=" " ind2=" " tag="880">
		<subfield code="6">260-05</subfield>
		<subfield code="a">[القاهرة؟] :</subfield>
		<subfield code="b">عبد القادر التلساني،</subfield>
		<subfield code="c">1325-1327 [1907-1909]</subfield>
	</datafield>
	<datafield ind1="1" ind2="4" tag="880">
		<subfield code="6">600-06</subfield>
		<subfield code="a">نبهاني، يوسف بن اسماعيل، 1849 or 1850-1932.</subfield>
		<subfield code="t">شواهد الحق في الاستغاثة بسيد الخلق. </subfield>
	</datafield>
	<datafield ind1="1" ind2=" " tag="880">
		<subfield code="6">700-07</subfield>
		<subfield code="a">نبهاني، يوسف بن اسماعيل، 1849 or 1850-1932.</subfield>
		<subfield code="t">شواهد الحق في الاستغاثة بسيد الخلق. </subfield>
	</datafield>
	<datafield ind1=" " ind2=" " tag="959">
		<subfield code="a">NNU</subfield>
		<subfield code="b">WEB</subfield>
		<subfield code="c">GENI</subfield>
		<subfield code="t">0</subfield>
		<subfield code="m">Electronic access</subfield>
		<subfield code="s">01</subfield>
	</datafield>
	<datafield ind1=" " ind2=" " tag="999">
		<subfield code="i">NNC_3121501</subfield>
		<subfield code="o">(OCoLC)ocm23231358</subfield>
		<subfield code="s">columbia_aco003348</subfield>
		<subfield code="e">(ERROR-880)</subfield>
		<subfield code="s">columbia_aco003348</subfield>
	</datafield>
</record>
